@incollection{mccarthy1981circumscription,
  title={Circumscriptionâ€”a form of non-monotonic reasoning},
  author={McCarthy, John},
  booktitle={Readings in Artificial Intelligence},
  pages={466--472},
  year={1981},
  publisher={Elsevier}
}

@mastersthesis{forkel2017CircRev,
    author    = "Walter Forkel",
    title     = "Circumscription Revisited",
    school    = "TU Dresden",
    type     = "diploma thesis",
    year      = "2017",
    url     = "http://dx.doi.org/10.13140/RG.2.2.18598.01608"
}

@article{etherington1985adequacy,
  title={On the adequacy of predicate circumscription for closed-world reasoning},
  author={Etherington, David W and Mercer, Robert E and Reiter, Raymond},
  journal={Computational Intelligence},
  volume={1},
  number={1},
  pages={11--15},
  year={1985},
  publisher={Wiley Online Library}
}
@inproceedings{lifschitz1985computing,
  title={Computing Circumscription.},
  author={Lifschitz, Vladimir},
  booktitle={IJCAI},
  volume={85},
  pages={121--127},
  year={1985}
}
