@book{quine:1970:philosophy-of-logic,
  address =       {Cambridge, MA},
  author =        {Willard Van Orman Quine},
  publisher =     {Harvard University Press},
  title =         {The Philosophy of Logic},
  year =          {1970},
}

@book{quine:1969:set-theory-and-its-logic-revised,
  address =       {Cambridge, MA},
  author =        {Willard Van Orman Quine},
  edition =       {revised},
  publisher =     {Harvard University Press},
  title =         {Set Theory and Its Logic},
  year =          {1969},
}

@book{beh:27,
  address =       {Leipzig},
  author =        {Heinrich Behmann},
  publisher =     {Teubner},
  series =        {Mathematisch-Physikalische Bibliothek},
  title =         {Mathematik und Logik},
  volume =        {71},
  year =          {1927},
}

@inproceedings{benedikt:etal:2014:generating,
  author =        {Michael Benedikt and Balder ten Cate and
                   Efthymia Tsamoura},
  booktitle =     {Proceedings of the 33rd {ACM} {SIGMOD-SIGACT-SIGART}
                   Symposium on Principles of Database Systems, PODS'14},
  pages =         {200--211},
  title =         {Generating low-cost plans from proofs},
  year =          {2014},
}

@book{toman:wedell:book,
  author =        {David Toman and Grant Weddell},
  publisher =     {Morgan and Claypool},
  series =        {Synthesis Lectures on Data Management},
  title =         {Fundamentals of Physical Design and Query
                   Compilation},
  year =          {2011},
}

@article{cw-projcirc,
  author =        {Christoph Wernhard},
  journal =       {Journal of Symbolic Computation},
  pages =         {1089--1108},
  title =         {Projection and Scope-Determined Circumscription},
  volume =        {47},
  year =          {2012},
}

@techreport{cw-definientia,
  author =        {Christoph Wernhard},
  institution =   {TU Dresden},
  note =
  {\url{http://www.wv.inf.tu-dresden.de/Publications/2014/report-2014-03.pdf}},
  number =        {Knowledge Representation and Reasoning 14-03},
  title =         {Second-Order Characterizations of Definientia in
                   Formula Classes},
  year =          {2014},
}

@book{hodges:shorter,
  address =       {Cambridge},
  author =        {Wilfrid Hodges},
  title =         {A Shorter Model Theory},
  publisher =     {Cambridge University Press},
  year =          {1997},
}


@incollection{lifschitz:circumscription:94,
  author	= "Vladimir Lifschitz",
  title		= "Circumscription",
  booktitle	= "Handbook of Logic in Artificial Intelligence and Logic
		  Programming",
  volume	= "3",
  editor	= "Dov M. Gabbay and C. J. Hogger and J. A. Robinson",
  publisher	= "Oxford University Press",
  year		= "1994",
  pages		= "298--352"
}



